<record xmlns="http://www.loc.gov/MARC21/slim" xmlns:xsi="http://www.w3.org/2001/XMLSchema-instance" xsi:schemaLocation="http://www.loc.gov/MARC21/slim http://www.loc.gov/standards/marcxml/schema/MARC21slim.xsd"><leader>     nam a22        4500</leader><controlfield tag="001">3077424</controlfield><controlfield tag="003">NNC</controlfield><controlfield tag="006">m        d        </controlfield><controlfield tag="007">cr cn |||m|||a</controlfield><controlfield tag="008">150601s1954    ua a    o     000 0 ara d</controlfield><datafield ind1=" " ind2=" " tag="040"><subfield code="a">NNU</subfield><subfield code="b">eng</subfield><subfield code="e">rda</subfield><subfield code="c">NNU</subfield></datafield><datafield ind1="1" ind2=" " tag="100"><subfield code="6">880-01</subfield><subfield code="a">Leonard, Charles W.</subfield></datafield><datafield ind1="1" ind2="0" tag="240"><subfield code="a">Why children misbehave.</subfield><subfield code="l">Arabic</subfield></datafield><datafield ind1="1" ind2="0" tag="245"><subfield code="6">880-02</subfield><subfield code="a">Lima&#772;dha&#772; yanh&#803;arif al-at&#803;fa&#772;l?, /</subfield><subfield code="c">ta&#700;li&#772;f Charles W. Leonard, tarjamat Muh&#803;ammad Nasi&#772;m Ra&#700;fat, ishra&#772;f wataqdi&#772;m &#699;Abd al-&#699;Azi&#772;z al-Qu&#772;s&#803;i&#772;.</subfield></datafield><datafield ind1=" " ind2=" " tag="260"><subfield code="6">880-03</subfield><subfield code="a">al-Qa&#772;hirah :</subfield><subfield code="b">Maktabat al-Nahd&#803;ah al-Mis&#803;ri&#772;yah,</subfield><subfield code="c">[1954]</subfield></datafield><datafield ind1=" " ind2=" " tag="300"><subfield code="a">online resource (92 pages) :</subfield><subfield code="b">illustrations.</subfield></datafield><datafield ind1=" " ind2=" " tag="336"><subfield code="a">text</subfield><subfield code="2">rdacontent</subfield></datafield><datafield ind1=" " ind2=" " tag="337"><subfield code="a">computer</subfield><subfield code="2">rdamedia</subfield></datafield><datafield ind1=" " ind2=" " tag="338"><subfield code="a">online resource</subfield><subfield code="2">rdacarrier</subfield></datafield><datafield ind1="1" ind2=" " tag="490"><subfield code="6">880-04</subfield><subfield code="a">Kayfa nafhamu al-at&#803;fa&#772;l. Dira&#772;sa&#772;t si&#772;ku&#772;lu&#772;ji&#772;yah ;</subfield><subfield code="v">2</subfield></datafield><datafield ind1=" " ind2=" " tag="500"><subfield code="a">Part of the Arabic Collections Online (ACO) project, contributed by Columbia University Libraries.</subfield></datafield><datafield ind1=" " ind2=" " tag="533"><subfield code="a">Electronic reproduction.</subfield><subfield code="b">New York, N.Y. :</subfield><subfield code="c">New York University,</subfield><subfield code="d">2015.</subfield><subfield code="5">NNU</subfield></datafield><datafield ind1=" " ind2="0" tag="650"><subfield code="a">Child rearing.</subfield></datafield><datafield ind1=" " ind2="7" tag="650"><subfield code="a">Child rearing.</subfield><subfield code="2">fast</subfield><subfield code="0">(OCoLC)fst00854588</subfield></datafield><datafield ind1="2" ind2=" " tag="710"><subfield code="a">Columbia University.</subfield><subfield code="b">Libraries.</subfield></datafield><datafield ind1="0" ind2=" " tag="730"><subfield code="a">Arabic Collections Online.</subfield></datafield><datafield ind1="0" ind2="8" tag="776"><subfield code="i">Print version:</subfield><subfield code="a">Leonard, Charles W.</subfield><subfield code="t">Lima&#772;dha&#772; yanh&#803;arif al-at&#803;fa&#772;l?</subfield><subfield code="w">(NNC)3077424</subfield><subfield code="w">(OCoLC)47884615</subfield></datafield><datafield ind1=" " ind2="0" tag="830"><subfield code="6">880-05</subfield><subfield code="a">Kayfa nafhamu al-at&#803;fa&#772;l.</subfield><subfield code="p">Dira&#772;sa&#772;t si&#772;ku&#772;lu&#772;ji&#772;yah ;</subfield><subfield code="v">2.</subfield></datafield><datafield ind1="4" ind2="0" tag="856"><subfield code="u">http://hdl.handle.net/2333.1/gb5mkp85</subfield></datafield><datafield ind1="1" ind2=" " tag="880"><subfield code="6">100-01/r</subfield><subfield code="a">&#1604;&#1610;&#1608;&#1606;&#1575;&#1585;&#1583;&#1548; &#1588;&#1575;&#1585;&#1604;&#1586; &#1608;.</subfield></datafield><datafield ind1="1" ind2="0" tag="880"><subfield code="6">245-02/r</subfield><subfield code="a">&#1604;&#1575;&#1584;&#1575; &#1610;&#1606;&#1581;&#1585;&#1601; &#1575;&#1604;&#1575;&#1591;&#1601;&#1575;&#1604;&#1567;&#1548; /</subfield><subfield code="c">&#1578;&#1571;&#1604;&#1610;&#1601; &#1670;&#1585;&#1604;&#1587; &#1608;. &#1604;&#1606;&#1585;&#1583;&#1548; &#1578;&#1585;&#1580;&#1605;&#1577; &#1605;&#1581;&#1605;&#1583; &#1606;&#1587;&#1610;&#1605; &#1585;&#1571;&#1601;&#1577;&#1548; &#1575;&#1588;&#1585;&#1575;&#1601; &#1608;&#1578;&#1602;&#1583;&#1610;&#1605; &#1593;&#1576;&#1583; &#1575;&#1604;&#1593;&#1586;&#1610;&#1586; &#1575;&#1604;&#1602;&#1608;&#1589;&#1610;.</subfield></datafield><datafield ind1=" " ind2=" " tag="880"><subfield code="6">260-03/r</subfield><subfield code="a">&#1575;&#1604;&#1602;&#1575;&#1607;&#1585;&#1577; :</subfield><subfield code="b">&#1605;&#1603;&#1578;&#1576;&#1577; &#1575;&#1604;&#1606;&#1607;&#1590;&#1577; &#1575;&#1604;&#1605;&#1589;&#1585;&#1610;&#1577;&#1548;</subfield><subfield code="c">[1954]</subfield></datafield><datafield ind1="1" ind2=" " tag="880"><subfield code="6">490-04/r</subfield><subfield code="a">&#1603;&#1610;&#1601; &#1606;&#1601;&#1607;&#1605; &#1575;&#1604;&#1575;&#1591;&#1601;&#1575;&#1604;. &#1583;&#1585;&#1575;&#1587;&#1575;&#1578; &#1587;&#1610;&#1603;&#1608;&#1604;&#1608;&#1580;&#1610;&#1577; &#1563;</subfield><subfield code="v">2</subfield></datafield><datafield ind1=" " ind2="0" tag="880"><subfield code="6">830-05/r</subfield><subfield code="a">&#1603;&#1610;&#1601; &#1606;&#1601;&#1607;&#1605; &#1575;&#1604;&#1575;&#1591;&#1601;&#1575;&#1604;.</subfield><subfield code="p">&#1583;&#1585;&#1575;&#1587;&#1575;&#1578; &#1587;&#1610;&#1603;&#1608;&#1604;&#1608;&#1580;&#1610;&#1577; &#1563;</subfield><subfield code="v">2.</subfield></datafield><datafield ind1=" " ind2=" " tag="959"><subfield code="a">NNU</subfield><subfield code="b">WEB</subfield><subfield code="c">GENI</subfield><subfield code="t">0</subfield><subfield code="m">Electronic access</subfield><subfield code="s">01</subfield></datafield><datafield ind1=" " ind2=" " tag="999"><subfield code="i">NNC_3077424</subfield><subfield code="o">(OCoLC)ocm47884615</subfield><subfield code="s">columbia_aco000567</subfield><subfield code="e">(ERROR-880)</subfield><subfield code="s">columbia_aco000567</subfield></datafield></record>